<record xmlns="http://www.loc.gov/MARC21/slim" xmlns:xsi="http://www.w3.org/2001/XMLSchema-instance" xsi:schemaLocation="http://www.loc.gov/MARC21/slim http://www.loc.gov/standards/marcxml/schema/MARC21slim.xsd"><leader>01943nam a2200361   4500</leader><controlfield tag="001">001680748</controlfield><controlfield tag="003">NNU</controlfield><controlfield tag="006">m        d        </controlfield><controlfield tag="007">cr cn |||m|||a</controlfield><controlfield tag="008">150110s1969    iq      o     000 0 arard</controlfield><datafield ind1=" " ind2=" " tag="040"><subfield code="a">NNU</subfield><subfield code="b">eng</subfield><subfield code="e">rda</subfield><subfield code="c">NNU</subfield></datafield><datafield ind1=" " ind2="4" tag="050"><subfield code="a">PJ6065</subfield><subfield code="b">.T3</subfield></datafield><datafield ind1="1" ind2=" " tag="100"><subfield code="6">880-01</subfield><subfield code="a">T&#803;a&#772;hir, &#699;Ali&#772; Jawa&#772;d.</subfield></datafield><datafield ind1="1" ind2="0" tag="245"><subfield code="6">880-02</subfield><subfield code="a">Tadri&#772;s al-lughah al-&#699;Arabi&#772;yah fi&#772; al-mada&#772;ris al-mutawassit&#803;ah wa-al-tha&#772;nawi&#772;yah /</subfield><subfield code="c">ta&#700;li&#772;f &#699;Ali&#772; Jawa&#772;d al-T&#803;a&#772;hir.</subfield></datafield><datafield ind1=" " ind2=" " tag="260"><subfield code="6">880-03</subfield><subfield code="a">al-Najaf :</subfield><subfield code="b">Mat&#803;ba&#699;at al-Nu&#699;ma&#772;n,</subfield><subfield code="c">1969.</subfield></datafield><datafield ind1=" " ind2=" " tag="300"><subfield code="a">online resource (126 pages)</subfield></datafield><datafield ind1=" " ind2=" " tag="336"><subfield code="a">text</subfield><subfield code="2">rdacontent</subfield></datafield><datafield ind1=" " ind2=" " tag="337"><subfield code="a">computer</subfield><subfield code="2">rdamedia</subfield></datafield><datafield ind1=" " ind2=" " tag="338"><subfield code="a">online resource</subfield><subfield code="2">rdacarrier</subfield></datafield><datafield ind1=" " ind2=" " tag="500"><subfield code="a">Part of the Arabic Collections Online (ACO) project, contributed by New York Univeristy Libraries.</subfield></datafield><datafield ind1=" " ind2=" " tag="533"><subfield code="a">Electronic reproduction.</subfield><subfield code="b">New York, N.Y. :</subfield><subfield code="c">New York University,</subfield><subfield code="d">2015.</subfield><subfield code="5">NNU</subfield></datafield><datafield ind1=" " ind2="0" tag="650"><subfield code="a">Arabic philology</subfield><subfield code="x">Study and teaching.</subfield></datafield><datafield ind1=" " ind2="7" tag="650"><subfield code="a">Arabic philology</subfield><subfield code="x">Study and teaching.</subfield><subfield code="2">fast</subfield><subfield code="0">(OCoLC)fst00812531</subfield></datafield><datafield ind1="2" ind2=" " tag="710"><subfield code="a">New York University.</subfield><subfield code="b">Libraries.</subfield></datafield><datafield ind1="0" ind2=" " tag="730"><subfield code="a">Arabic Collections Online.</subfield></datafield><datafield ind1="0" ind2="8" tag="776"><subfield code="i">Online version:</subfield><subfield code="a">T&#803;a&#772;hir, &#699;Ali&#772; Jawa&#772;d.</subfield><subfield code="t">Tadri&#772;s al-lughah al-&#699;Arabi&#772;yah fi&#772; al-mada&#772;ris al-mutawassit&#803;ah wa-al-tha&#772;nawi&#772;yah.</subfield><subfield code="d">al-Najaf, Mat&#803;ba&#699;at al-Nu&#699;ma&#772;n, 1969</subfield><subfield code="w">(OCoLC)574388164</subfield></datafield><datafield ind1="0" ind2="8" tag="776"><subfield code="i">Print version:</subfield><subfield code="a">T&#803;a&#772;hir, &#699;Ali&#772; Jawa&#772;d.</subfield><subfield code="t">Tadri&#772;s al-lughah al-&#699;Arabi&#772;yah fi&#772; al-mada&#772;ris al-mutawassit&#803;ah wa-al-tha&#772;nawi&#772;yah</subfield><subfield code="w">(NNU)001680748</subfield><subfield code="w">(DLC)   70961789</subfield></datafield><datafield ind1="4" ind2="0" tag="856"><subfield code="u">http://hdl.handle.net/2333.1/vx0k6gdw</subfield></datafield><datafield ind1="1" ind2=" " tag="880"><subfield code="6">100-01/</subfield><subfield code="a">&#1591;&#1575;&#1607;&#1585;&#1548; &#1593;&#1604;&#1610; &#1580;&#1608;&#1575;&#1583;.</subfield></datafield><datafield ind1="1" ind2="0" tag="880"><subfield code="6">245-02/</subfield><subfield code="a">&#1578;&#1583;&#1585;&#1610;&#1587; &#1575;&#1604;&#1604;&#1594;&#1577; &#1575;&#1604;&#1593;&#1585;&#1576;&#1610;&#1577; &#1601;&#1610; &#1575;&#1604;&#1605;&#1583;&#1575;&#1585;&#1587; &#1575;&#1604;&#1605;&#1578;&#1608;&#1587;&#1591;&#1577; &#1608;&#1575;&#1604;&#1579;&#1575;&#1606;&#1608;&#1610;&#1577; /</subfield><subfield code="c">&#1578;&#1571;&#1604;&#1610;&#1601; &#1593;&#1604;&#1610; &#1580;&#1608;&#1575;&#1583; &#1575;&#1604;&#1591;&#1575;&#1607;&#1585;.</subfield></datafield><datafield ind1=" " ind2=" " tag="880"><subfield code="6">260-03/</subfield><subfield code="a">&#1575;&#1604;&#1606;&#1580;&#1601; :</subfield><subfield code="b">&#1605;&#1591;&#1576;&#1593;&#1577; &#1575;&#1604;&#1606;&#1593;&#1605;&#1575;&#1606;&#1548;</subfield><subfield code="c">1969.</subfield></datafield><datafield ind1=" " ind2=" " tag="959"><subfield code="a">NNU</subfield><subfield code="b">WEB</subfield><subfield code="c">GENI</subfield><subfield code="t">0</subfield><subfield code="m">Electronic access</subfield><subfield code="s">01</subfield></datafield><datafield ind1=" " ind2=" " tag="999"><subfield code="i">NNU_001680748</subfield><subfield code="o" /></datafield></record>